<record><leader>00000cas a22000007a 4500</leader><controlfield tag="001">21370845</controlfield><controlfield tag="008">900413d19041912mouwr ne      0    0eng d</controlfield><datafield ind1=" " ind2=" " tag="010"><subfield code="a">sn 90061391 </subfield></datafield><datafield ind1=" " ind2=" " tag="040"><subfield code="a">MQN</subfield><subfield code="b">eng</subfield><subfield code="c">MQN</subfield><subfield code="d">MXM</subfield><subfield code="d">OCLCQ</subfield><subfield code="d">OCLCF</subfield></datafield><datafield ind1=" " ind2=" " tag="042"><subfield code="a">msc</subfield></datafield><datafield ind1=" " ind2=" " tag="043"><subfield code="a">n-us-mo</subfield></datafield><datafield ind1="0" ind2="0" tag="245"><subfield code="a">Novinger record.</subfield></datafield><datafield ind1=" " ind2=" " tag="260"><subfield code="a">Novinger, Mo. :</subfield><subfield code="b">Record Print. Co.</subfield></datafield><datafield ind1=" " ind2=" " tag="300"><subfield code="a">v.</subfield></datafield><datafield ind1=" " ind2=" " tag="310"><subfield code="a">Weekly</subfield></datafield><datafield ind1="1" ind2=" " tag="362"><subfield code="a">Began in 1904; ceased in 1912.</subfield></datafield><datafield ind1=" " ind2=" " tag="515"><subfield code="a">Includes whole numbering.</subfield></datafield><datafield ind1=" " ind2=" " tag="588"><subfield code="a">Description based on: Vol. 3, no. 3 (Apr. 6, 1906).</subfield></datafield><datafield ind1=" " ind2="0" tag="651"><subfield code="a">Novinger (Mo.)</subfield><subfield code="v">Newspapers.</subfield></datafield><datafield ind1=" " ind2="0" tag="651"><subfield code="a">Adair County (Mo.)</subfield><subfield code="v">Newspapers.</subfield></datafield><datafield ind1=" " ind2="7" tag="655"><subfield code="a">Newspapers.</subfield><subfield code="2">fast</subfield><subfield code="0">(OCoLC)fst01423814</subfield></datafield><datafield ind1=" " ind2="7" tag="651"><subfield code="a">Missouri</subfield><subfield code="z">Adair County.</subfield><subfield code="2">fast</subfield><subfield code="0">(OCoLC)fst01221183</subfield></datafield><datafield ind1=" " ind2="7" tag="651"><subfield code="a">Missouri</subfield><subfield code="z">Novinger.</subfield><subfield code="2">fast</subfield><subfield code="0">(OCoLC)fst01236299</subfield></datafield><datafield ind1=" " ind2=" " tag="752"><subfield code="a">United States</subfield><subfield code="b">Missouri</subfield><subfield code="c">Adair</subfield><subfield code="d">Novinger.</subfield></datafield><datafield ind1="0" ind2="0" tag="785"><subfield code="t">Novinger free press</subfield><subfield code="w">(DLC)sn 90061392</subfield></datafield></record>